@article{rosenblatt1958perceptron,
    title={The perceptron: a probabilistic model for information storage and organization in the brain.},
    author={Rosenblatt, Frank},
    journal={Psychological review},
    volume={65},
    number={6},
    pages={386},
    year={1958},
    publisher={American Psychological Association}
}
@article{langford2009sparse,
    title={Sparse online learning via truncated gradient},
    author={Langford, John and Li, Lihong and Zhang, Tong},
    journal={The Journal of Machine Learning Research},
    volume={10},
    pages={777--801},
    year={2009},
    publisher={JMLR. org}
}
@article{duchi2009efficient,
    title={Efficient online and batch learning using forward backward splitting},
    author={Duchi, John and Singer, Yoram},
    journal={The Journal of Machine Learning Research},
    volume={10},
    pages={2899--2934},
    year={2009},
    publisher={JMLR. org}
}
@article{xiao2010dual,
    title={Dual averaging methods for regularized stochastic learning and online optimization},
    author={Xiao, Lin},
    journal={The Journal of Machine Learning Research},
    volume={9999},
    pages={2543--2596},
    year={2010},
    publisher={JMLR. org}
}
@article{duchi2011adaptive,
    title={Adaptive subgradient methods for online learning and stochastic optimization},
    author={Duchi, John and Hazan, Elad and Singer, Yoram},
    journal={The Journal of Machine Learning Research},
    volume={999999},
    pages={2121--2159},
    year={2011},
    publisher={JMLR. org}
}
@article{crammer2009adaptive,
    title={Adaptive regularization of weight vectors},
    author={Crammer, Koby and Kulesza, Alex and Dredze, Mark},
    journal={Machine Learning},
    pages={1--33},
    year={2009},
    publisher={Springer}
}

@article{wang2012exact,
    title={Exact soft confidence-weighted learning},
    author={Wang, Jialei and Zhao, Peilin and Hoi, Steven CH},
    journal={arXiv preprint arXiv:1206.4612},
    year={2012}
}
@article{crammer2009adaptive,
  title={Adaptive regularization of weight vectors},
  author={Crammer, Koby and Kulesza, Alex and Dredze, Mark},
  journal={Machine Learning},
  pages={1--33},
  year={2009},
  publisher={Springer}
}
@article{wang2012exact,
  title={Exact soft confidence-weighted learning},
  author={Wang, Jialei and Zhao, Peilin and Hoi, Steven CH},
  journal={arXiv preprint arXiv:1206.4612},
  year={2012}
}

